% This file was created with JabRef 2.9.2.
% Encoding: Cp1252

@incollection{KarShr,
  title={Brownian motion},
  author={Karatzas, Ioannis and Shreve, Steven E},
  booktitle={Brownian Motion and Stochastic Calculus},
  pages={47--127},
  year={1998},
  publisher={Springer}
}

@book{Alf,
  title={Affine diffusions and related processes: simulation, theory and applications},
  author={Alfonsi, Aur{\'e}lien and others},
  volume={6},
  year={2015},
  publisher={Springer}
}

  @Manual{boot,
    title = {boot: Bootstrap R (S-Plus) Functions},
    author = {Angelo Canty and B. D. Ripley},
    year = {2017},
    note = {R package version 1.3-20},
  }

@article{sultana2017review,
  title={A review on state of art development of model predictive control for renewable energy applications},
  author={Sultana, W Razia and Sahoo, Sarat Kumar and Sukchai, Sukruedee and Yamuna, S and Venkatesh, D},
  journal={Renewable and sustainable energy reviews},
  volume={76},
  pages={391--406},
  year={2017},
  publisher={Elsevier}
}

  @Manual{erre,
    title = {R: A Language and Environment for Statistical Computing},
    author = {{R Core Team}},
    organization = {R Foundation for Statistical Computing},
    address = {Vienna, Austria},
    year = {2013},
    note = {{ISBN} 3-900051-07-0},
    url = {http://www.R-project.org/},
  }

@Book{hdmlo,
    title = {A Handbook of Small Data Sets},
    editor = {D.J. Hand and F. Daly and A.D. Lunn and K.J. McConway and E. Ostrowski},
    publisher = {Chapman \& Hall/CRC },
    address = {Boca Raton, FL},
    year = {1994},
    note = {ISBN 0-412-39920-2},
    url = {https://doi.org/10.1002/9780412399206},
  }

@Article{dimi,
    title = {ltm: An R package for Latent Variable Modelling and Item
      Response Theory Analyses},
    author = {Dimitris Rizopoulos},
    journal = {Journal of Statistical Software},
    year = {2006},
    volume = {17},
    number = {5},
    pages = {1--25},
    url = {http://www.jstatsoft.org/v17/i05/},
  }

@ARTICLE{Augustin07,
 author = {Brice Augustin and Xavier Cuvellier and Benjamin Orgogozo and Fabien Viger 
           and Timur Friedman and Matthieu Latapy and Cl{\'e}mence Magnien and Renata Teixeira},
 title = {Avoiding Traceroute Anomalies with Paris Traceroute},
 booktitle = {Proceedings of the {6th ACM SIGCOMM} Conference on Internet Measurement},
 series = {IMC '06},
 year = {2006},
 location = {Rio de Janeriro, Brazil},
 pages = {153--158},
 numpages = {6},
 url = {http://doi.acm.org/10.1145/1177080.1177100},
 acmid = {1177100},
 publisher = {ACM},
 address = {New York, NY, USA},
 keywords = {load balancing, traceroute}
 }


@book{iacus1,
 author = {Stefano M. Iacus},
 title = {Simulation and {I}nference for {S}tochastic {D}ifferential {E}quations: {W}ith {R} {E}xamples},
series = {Springer Series in Statistics},
 publisher = {Springer},
address = {New York},
 year = {2008},
keywords = {Wind-SDE}
 }


@book{saso,
 author = {Simo S{\"a}rkk{\"a} and Arno Solin},
 title = {Applied {S}tochastic {D}ifferential {E}quations},
 publisher = {Cambridge University Press},
 year = {2019},
keywords = {Wind-SDE}
 }


@ARTICLE{bani,
 author = {Mikkel Baadsgaard and Jan Nygaard Nielsen and Henrik Spliid and Henrik Madsen and Michael Preisel},
 title = {Estimation in {S}tochastic {D}ifferential {E}quations with a {S}tate {D}ependent {D}iffusion {T}erm},
 journal = {IFAC Proceedings Volumes},
 year = {1997},
volume = {30},
  number = {11},
    pages = {1369--1374},
keywords = {Wind-SDE}
 }


@TECHREPORT{moma,
  AUTHOR =        {Jan Kloppenborg M{\o}ller and Henrik Madsen},
  TITLE =         {From {S}tate {D}ependent {D}iffusion to {C}onstant {D}iffusion in {S}tochastic
{D}ifferential {E}quations by the {L}amperti {T}ransform},
YEAR =  {2010},
  NUMBER =        {IMM-Technical Report-2010-16},
  INSTITUTION =   {Technical University of Denmark, DTU Informatics, Building 321},
  ADDRESS =       {Kgs. Lyngby, Denmark},
keywords = {Wind-SDE}
}


@ARTICLE{mozuma,
 author = {Jan Kloppenborg M{\o}ller and Marco Zugno and Henrik Madsen},
 title = {Probabilistic {F}orecasts of {W}ind {P}ower {G}eneration by {S}tochastic {D}ifferential {E}quation {M}odels},
 journal = {Journal of Forecasting},
 year = {2016},
volume = {35},
  number = {3},
    pages = {189--205},
keywords = {Wind-SDE}
 }


@inproceedings{ravn:06:icpmaps,
  author =       {Hans F. Ravn},
  title =        {Short term wind power prognosis with different success criteria},
  crossref =     {icpmaps:06},
 numpages = {5},
  doi =          {10.1109/PMAPS.2006.360291},
  keywords =     {Wind power forecasting, criteria, prognosis, Wind-SDE},
}


@proceedings{icpmaps:06,
 % title =        {9th International Conference on Probabilistic Methods Applied to Power Systems},
  booktitle =    {9th {I}nternational {C}onference on {P}robabilistic {M}ethods {A}pplied to {P}ower {S}ystems},
  publisher =    {IEEE},
  venue =        {KTH, Stockholm, Sweden},
  month =        {06},
  days =        {11-15},
  year =         {2006},
  isbn =         {978-91-7178-585-5},
}


@ARTICLE{chang,
 author = {Wen-Yeau Chang},
 title = { A {L}iterature {R}eview of {W}ind {F}orecasting {M}ethods},
 journal = {Journal of Power and Energy Engineering},
 year = {2014},
 volume = {2},
  number = {4},
   pages = {161--168},
   numpages = {8},
  doi =	{10.4236/jpee.2014.24023},
keywords = {Wind-SDE}
 }


@ARTICLE{zhbo,
 author = {Z. Zhou and A. Botterud and J. Wang and R.J. Bessa and H. Keko and J. Sumaili and V. Miranda},
 title = {Application of probabilistic wind power forecasting in electricity markets},
 journal = {Wind Energy},
 year = {2013},
 volume = {16},
  number = {3},
   pages = {321--338},
  doi =	{10.1002/we.1496},
keywords = {Wind-SDE}
 }



@incollection{elkate,
Location = {Rhodes Island, Greece},
 Publisher =    {Eccomas Proceedia UNCECOMP 2017},
 Author =       {Soumaya Elkantassi and Evangelia Kalligiannaki and Ra\'ul Tempone},
 Editor =       {M. Papadrakakis and V. Papadopoulos and G. Stefanou},
 Booktitle =    {2nd {ECCOMAS} {T}hematic {C}onference on {U}ncertainty {Q}uantification in {C}omputational {S}ciences and {E}ngineering},
  Title =        {Inference and {S}ensitivity in {S}tochastic {W}ind {P}ower {F}orecast {M}odels},
  Pages = {381--393},
Year = {2017},
Month =  {06},
  doi =          {10.7712/120217.5377.16899},
  keywords =     {Indirect inference, wind power, probabilistic forecasting, model selection, sensitivity, Wind-SDE},
}


@TECHREPORT{gieb,
  AUTHOR =        {Gregor Giebel and Richard Brownsword and George N. Kariniotakis and Michael Denhard and Caroline Draxl},
  TITLE =         {The {S}tate of the {A}rt in {S}hort-{T}erm {P}rediction of {W}ind {P}ower. A {L}iterature {O}verview},
  Edition = {2nd edition},
YEAR =  {2011},
Month = {01},
  NUMBER =        {ANEMOS.plus and SafeWind projects},
doi = {10.13140/RG.2.1.2581.4485},
keywords = {Wind-SDE},
}


@ARTICLE{kes,
 author = {Mathieu Kessler},
 title = {Estimation of an ergodic diffusion from discrete observations},
 journal = {Scand J of Stat},
 year = {1997},
volume = {24},
    pages = {211--229},
keywords = {Wind-SDE},
 }


@ARTICLE{hurn,
 author = {A.S. Hurn and J.I. Jeisman and K.A. Lindsay},
 title = {Seeing the Wood for the Trees: A Critical Evaluation of Methods to Estimate the Parameters of Stochastic Differential Equations},
 journal = {Journal of Financial Econometrics},
 year = {2007},
volume = {5},
number = {3},
    pages = {390--455},
doi = {10.1093/jjfinec/nbm009 },
keywords = {Wind-SDE},
 }


@ARTICLE{ucyo1,
 author = {Masayuki Uchida and Nakahiro Yoshida},
 title = {Adaptive estimation of an ergodic diffusion process based on sampled data},
 journal = {Stochastic Processes and their Applications},
 year = {2012},
volume = {122},
    pages = {2885--2924}
 }


@ARTICLE{ucyo2,
 author = {Masayuki Uchida and Nakahiro Yoshida},
 title = {Adaptive {B}ayes type estimators of ergodic diffusion processes from discrete observations},
 journal = {Stat Infer Stoch Process},
 year = {2014},
volume = {17},
    pages = {181--219},
keywords = {Wind-SDE},
 }


@ARTICLE{kamuc,
 author = {Kengo Kamatani and Masayuki Uchida},
 title = {Hybrid multi-step estimators for stochastic differential equations based on sampled data},
 journal = {Stat Inference Stoch Process},
 year = {2015},
volume = {18},
    pages = {177--204}
 }


@ARTICLE{kaucyu,
 author = {Yusuke Kaino and Masayuki Uchida and Yuto Yoshida},
 title = {Hybrid estimation for an ergodic diffusion process based on reduced data},
 journal = {Bul Inf Cybern},
 year = {2017},
volume = {49},
    pages = {89--118}
 }


@ARTICLE{kauc,
 author = {Yusuke Kaino and Masayuki Uchida},
 title = {Hybrid estimators for stochastic differential equations from reduced data},
 journal = {Stat Inference Stoch Process},
 year = {2018},
volume = {21},
    pages = {435--454}
 }


@ARTICLE{lamp,
 author = {John Lamperti},
 title = {Semi-stable stochastic processes},
 journal = {Trans. Amer. Math. Soc.},
 year = {1962},
volume = {104},
    pages = {62--78}
 }

 